<record xmlns="http://www.loc.gov/MARC21/slim" xmlns:xsi="http://www.w3.org/2001/XMLSchema-instance" xsi:schemaLocation="http://www.loc.gov/MARC21/slim http://www.loc.gov/standards/marcxml/schema/MARC21slim.xsd"><leader>     nam a22        4500</leader><controlfield tag="001">3071304</controlfield><controlfield tag="003">NNC</controlfield><controlfield tag="006">m        d        </controlfield><controlfield tag="007">cr cn |||m|||a</controlfield><controlfield tag="008">150316s1850    ua      o     000 0 ara d</controlfield><datafield ind1=" " ind2=" " tag="040"><subfield code="a">NNU</subfield><subfield code="b">eng</subfield><subfield code="e">rda</subfield><subfield code="c">NNU</subfield></datafield><datafield ind1="0" ind2=" " tag="100"><subfield code="6">880-01</subfield><subfield code="a">H&#803;ari&#772;ri&#772;,</subfield><subfield code="d">1054-1122.</subfield></datafield><datafield ind1="1" ind2="0" tag="240"><subfield code="6">880-02</subfield><subfield code="a">Maqa&#772;ma&#772;t al-H&#803;ari&#772;ri&#772; fi&#772; al-lughah al-&#699;Arabi&#772;yah wa-al-funu&#772;n al-adabi&#772;yah bi-al-tama&#772;m wa-al-kama&#772;l, wa-al-h&#803;amd li-Alla&#772;h &#699;ala&#769; kull h&#803;a&#772;l</subfield></datafield><datafield ind1="1" ind2="0" tag="245"><subfield code="6">880-03</subfield><subfield code="a">Kita&#772;b Maqa&#772;ma&#772;t al-H&#803;ari&#772;ri&#772; fi&#772; al-lughah al-&#699;Arabi&#772;yah wa-al-funu&#772;n al-adabi&#772;yah bi-al-tama&#772;m wa-al-kama&#772;l, wa-al-h&#803;amd li-Alla&#772;h &#699;ala&#769; kull h&#803;a&#772;l.</subfield></datafield><datafield ind1="3" ind2=" " tag="246"><subfield code="6">880-04</subfield><subfield code="a">Maqa&#772;ma&#772;t al-H&#803;ari&#772;ri&#772; fi&#772; al-lughah al-&#699;Arabi&#772;yah wa-al-funu&#772;n al-adabi&#772;yah bi-al-tama&#772;m wa-al-kama&#772;l, wa-al-h&#803;amd li-Alla&#772;h &#699;ala&#769; kull h&#803;a&#772;l</subfield></datafield><datafield ind1=" " ind2=" " tag="260"><subfield code="6">880-05</subfield><subfield code="a">al-Qa&#772;hirah :</subfield><subfield code="b">Da&#772;r al-T&#803;iba&#772;&#699;ah al-Ba&#772;hirah,</subfield><subfield code="c">1266 [1850]</subfield></datafield><datafield ind1=" " ind2=" " tag="300"><subfield code="a">online resource (419 pages)</subfield></datafield><datafield ind1=" " ind2=" " tag="336"><subfield code="a">text</subfield><subfield code="2">rdacontent</subfield></datafield><datafield ind1=" " ind2=" " tag="337"><subfield code="a">computer</subfield><subfield code="2">rdamedia</subfield></datafield><datafield ind1=" " ind2=" " tag="338"><subfield code="a">online resource</subfield><subfield code="2">rdacarrier</subfield></datafield><datafield ind1=" " ind2=" " tag="500"><subfield code="a">Part of the Arabic Collections Online (ACO) project, contributed by Columbia University Libraries.</subfield></datafield><datafield ind1=" " ind2=" " tag="533"><subfield code="a">Electronic reproduction.</subfield><subfield code="b">New York, N.Y. :</subfield><subfield code="c">New York University,</subfield><subfield code="d">2015.</subfield><subfield code="5">NNU</subfield></datafield><datafield ind1="2" ind2=" " tag="710"><subfield code="a">Columbia University.</subfield><subfield code="b">Libraries.</subfield></datafield><datafield ind1="0" ind2=" " tag="730"><subfield code="a">Arabic Collections Online.</subfield></datafield><datafield ind1="0" ind2="8" tag="776"><subfield code="i">Online version:</subfield><subfield code="a">H&#803;ari&#772;ri&#772;, 1054-1122.</subfield><subfield code="s">Maqa&#772;ma&#772;t al-H&#803;ari&#772;ri&#772; fi&#772; al-lughah al-&#699;Arabi&#772;yah wa-al-funu&#772;n al-adabi&#772;yah bi-al-tama&#772;m wa-al-kama&#772;l, wa-al-h&#803;amd li-Alla&#772;h &#699;ala&#769; kull h&#803;a&#772;l.</subfield><subfield code="t">Kita&#772;b Maqa&#772;ma&#772;t al-H&#803;ari&#772;ri&#772; fi&#772; al-lughah al-&#699;Arabi&#772;yah wa-al-funu&#772;n al-adabi&#772;yah bi-al-tama&#772;m wa-al-kama&#772;l, wa-al-h&#803;amd li-Alla&#772;h &#699;ala&#769; kull h&#803;a&#772;l.</subfield><subfield code="d">al-Qa&#772;hirah : Da&#772;r al-T&#803;iba&#772;&#699;ah al-Ba&#772;hirah, 1266 [1850]</subfield><subfield code="w">(OCoLC)657157262</subfield></datafield><datafield ind1="0" ind2="8" tag="776"><subfield code="i">Print version:</subfield><subfield code="a">H&#803;ari&#772;ri&#772;, 1054-1122.</subfield><subfield code="t">Kita&#772;b Maqa&#772;ma&#772;t al-H&#803;ari&#772;ri&#772; fi&#772; al-lughah al-&#699;Arabi&#772;yah wa-al-funu&#772;n al-adabi&#772;yah bi-al-tama&#772;m wa-al-kama&#772;l, wa-al-h&#803;amd li-Alla&#772;h &#699;ala&#769; kull h&#803;a&#772;l</subfield><subfield code="w">(NNC)3071304</subfield><subfield code="w">(OCoLC)31823646</subfield></datafield><datafield ind1="4" ind2="0" tag="856"><subfield code="u">http://hdl.handle.net/2333.1/p8cz8zmr</subfield></datafield><datafield ind1="0" ind2=" " tag="880"><subfield code="6">100-01/r</subfield><subfield code="a">&#1581;&#1585;&#1610;&#1585;&#1610;&#1548;</subfield><subfield code="d">1054-1122.</subfield></datafield><datafield ind1="1" ind2="0" tag="880"><subfield code="6">240-02/r</subfield><subfield code="a">&#1605;&#1602;&#1575;&#1605;&#1575;&#1578; &#1575;&#1604;&#1581;&#1585;&#1610;&#1585;&#1610; &#1601;&#1610; &#1575;&#1604;&#1604;&#1594;&#1577; &#1575;&#1604;&#1593;&#1585;&#1576;&#1610;&#1577; &#1608;&#1575;&#1604;&#1601;&#1606;&#1608;&#1606; &#1575;&#1604;&#1575;&#1583;&#1576;&#1610;&#1577; &#1576;&#1575;&#1604;&#1578;&#1605;&#1575;&#1605; &#1608;&#1575;&#1604;&#1603;&#1605;&#1575;&#1604;&#1548; &#1608;&#1575;&#1604;&#1581;&#1605;&#1583; &#1604;&#1604;&#1607; &#1593;&#1604;&#1609; &#1603;&#1604; &#1581;&#1575;&#1604;</subfield></datafield><datafield ind1="1" ind2="0" tag="880"><subfield code="6">245-03/r</subfield><subfield code="a">&#1603;&#1578;&#1575;&#1576; &#1605;&#1602;&#1575;&#1605;&#1575;&#1578; &#1575;&#1604;&#1581;&#1585;&#1610;&#1585;&#1610; &#1601;&#1610; &#1575;&#1604;&#1604;&#1594;&#1577; &#1575;&#1604;&#1593;&#1585;&#1576;&#1610;&#1577; &#1608;&#1575;&#1604;&#1601;&#1606;&#1608;&#1606; &#1575;&#1604;&#1575;&#1583;&#1576;&#1610;&#1577; &#1576;&#1575;&#1604;&#1578;&#1605;&#1575;&#1605; &#1608;&#1575;&#1604;&#1603;&#1605;&#1575;&#1604;&#1548; &#1608;&#1575;&#1604;&#1581;&#1605;&#1583; &#1604;&#1604;&#1607; &#1593;&#1604;&#1609; &#1603;&#1604; &#1581;&#1575;&#1604;.</subfield></datafield><datafield ind1="3" ind2=" " tag="880"><subfield code="6">246-04/r</subfield><subfield code="a">&#1605;&#1602;&#1575;&#1605;&#1575;&#1578; &#1575;&#1604;&#1581;&#1585;&#1610;&#1585;&#1610; &#1601;&#1610; &#1575;&#1604;&#1604;&#1594;&#1577; &#1575;&#1604;&#1593;&#1585;&#1576;&#1610;&#1577; &#1608;&#1575;&#1604;&#1601;&#1606;&#1608;&#1606; &#1575;&#1604;&#1575;&#1583;&#1576;&#1610;&#1577; &#1576;&#1575;&#1604;&#1578;&#1605;&#1575;&#1605; &#1608;&#1575;&#1604;&#1603;&#1605;&#1575;&#1604;&#1548; &#1608;&#1575;&#1604;&#1581;&#1605;&#1583; &#1604;&#1604;&#1607; &#1593;&#1604;&#1609; &#1603;&#1604; &#1581;&#1575;&#1604;</subfield></datafield><datafield ind1=" " ind2=" " tag="880"><subfield code="6">260-05/r</subfield><subfield code="a">&#1575;&#1604;&#1602;&#1575;&#1607;&#1585;&#1577; :</subfield><subfield code="b">&#1583;&#1575;&#1585; &#1575;&#1604;&#1591;&#1576;&#1575;&#1593;&#1577; &#1575;&#1604;&#1576;&#1575;&#1607;&#1585;&#1577;&#1548;</subfield><subfield code="c">1266 [1850]</subfield></datafield><datafield ind1=" " ind2=" " tag="959"><subfield code="a">NNU</subfield><subfield code="b">WEB</subfield><subfield code="c">GENI</subfield><subfield code="t">0</subfield><subfield code="m">Electronic access</subfield><subfield code="s">01</subfield></datafield><datafield ind1=" " ind2=" " tag="999"><subfield code="i">NNC_3071304</subfield><subfield code="o">(OCoLC)ocm31823646</subfield><subfield code="e">(ERROR-880)</subfield><subfield code="s">columbia_aco000303</subfield></datafield></record>